@inproceedings{Peckham1993,
  title={A new generation of spoken dialogue systems: Results and lessons from the SUNDIAL project},
  author={Peckham, Jeremy},
  booktitle={Third European Conference on Speech Communication and Technology},
  year={1993},
  pages = {33−40}
}

@INPROCEEDINGS{Lamel1999, 
author={L. Lamel and S. Rosset and J. L. Gauvain and S. Bennacef}, 
booktitle={Acoustics, Speech, and Signal Processing, 1999. Proceedings., 1999 IEEE International Conference on}, 
title={The LIMSI ARISE system for train travel information}, 
year={1999}, 
volume={1}, 
pages={501-504 vol.1}, 
keywords={information services;natural languages;public information systems;railways;research initiatives;speech recognition;Automatic Railway Information Systems for Europe;French Railways;French intercity connections;LE-3 ARISE project;LIMSI ARISE system;automatic speech recognition;constrained dialog level;dialog system;fares;high dialog success rates;implicit confirmation;open dialog structure;performance;prototype system;rail travel information;reservations;schedule information;services;train travel information;vocal access;Cities and towns;Collaboration;Europe;Hidden Markov models;Loudspeakers;Natural languages;Prototypes;Rail transportation;Speech recognition;Telephony}, 
doi={10.1109/ICASSP.1999.758172}, 
ISSN={1520-6149}, 
month={Mar},
}

@INPROCEEDINGS{McTear1998,
    author = {Michael Mctear University and Michael F Mctear},
    title = {Modelling spoken dialogues with state transition diagrams: experiences with the CSLU toolkit},
    booktitle = {Proc 5th International Conference on Spoken Language Processing},
    year = {1998},
    pages = {1223--1226}
}

@Article{RichSidner1998,
author="Rich, Charles
and Sidner, Candace L.",
title="COLLAGEN: A Collaboration Manager for Software Interface Agents",
journal="User Modeling and User-Adapted Interaction",
year="1998",
volume="8",
number="3",
pages="315--350",
abstract="We have implemented an application-independent collaboration manager, called Collagen, based on the SharedPlan theory of discourse, and used it to build a software interface agent for a simple air travel application. The software agent provides intelligent, mixed initiative assistance without requiring natural language understanding. A key benefit of the collaboration manager is the automatic construction of an interaction history which is hierarchically structured according to the user's and agent's goals and intentions.",
issn="1573-1391",
doi="10.1023/A:1008204020038",
url="http://dx.doi.org/10.1023/A:1008204020038"
}


@inproceedings{BohusRudnicky2003,
  added-at = {2011-03-16T00:00:00.000+0100},
  author = {Bohus, Dan and Rudnicky, Alexander I.},
  biburl = {http://www.bibsonomy.org/bibtex/218cf948830ddeb9758d3dc54fb472246/dblp},
  booktitle = {INTERSPEECH},
  crossref = {conf/interspeech/2003},
  ee = {http://www.isca-speech.org/archive/eurospeech_2003/e03_0597.html},
  interhash = {83d8b04665cdd659e458bed4195908ee},
  intrahash = {18cf948830ddeb9758d3dc54fb472246},
  keywords = {dblp},
  publisher = {ISCA},
  timestamp = {2011-04-29T15:48:12.000+0200},
  title = {Ravenclaw: dialog management using hierarchical task decomposition and an expectation agenda.},
  url = {http://dblp.uni-trier.de/db/conf/interspeech/interspeech2003.html#BohusR03},
  year = 2003,
  pages="597−600",
}

@Inbook{Bui2004,
author="Bui, Trung H.
and Rajman, Martin
and Melichar, Miroslav",
editor="Sojka, Petr
and Kope{\v{c}}ek, Ivan
and Pala, Karel",
chapter="Rapid Dialogue Prototyping Methodology",
title="Text, Speech and Dialogue: 7th International Conference, TSD 2004, Brno, Czech Republic, September 8-11, 2004. Proceedings",
year="2004",
publisher="Springer Berlin Heidelberg",
address="Berlin, Heidelberg",
pages="579--586",
isbn="978-3-540-30120-2",
doi="10.1007/978-3-540-30120-2_73",
url="http://dx.doi.org/10.1007/978-3-540-30120-2_73"
}

@article{LarssonTraum2006,
 author = {Larsson, Staffan and Traum, David R.},
 title = {Information State and Dialogue Management in the TRINDI Dialogue Move Engine Toolkit},
 journal = {Nat. Lang. Eng.},
 issue_date = {September 2000},
 volume = {6},
 number = {3-4},
 month = sep,
 year = {2000},
 issn = {1351-3249},
 pages = {323--340},
 numpages = {18},
 url = {http://dx.doi.org/10.1017/S1351324900002539},
 doi = {10.1017/S1351324900002539},
 acmid = {973943},
 publisher = {Cambridge University Press},
 address = {New York, NY, USA},
}

@article{BohusRudnicky2009,
  title={The RavenClaw dialog management framework: Architecture and systems},
  author={Bohus, Dan and Rudnicky, Alexander I},
  journal={Computer Speech \& Language},
  volume={23},
  number={3},
  pages={332--361},
  year={2009},
  publisher={Elsevier}
}

@article{Yukai2015,
  title={任务型人机对话系统中的认知技术——概念, 进展及其未来},
  author={俞凯 and 陈露 and 陈博 and 孙锴 and 朱苏},
  journal={计算机学报},
  volume={38},
  number={12},
  pages={2333--2348},
  year={2015}
}

@article{Henderson2008,
  title={Hybrid reinforcement/supervised learning of dialogue policies from fixed data sets},
  author={Henderson, James and Lemon, Oliver and Georgila, Kallirroi},
  journal={Computational Linguistics},
  volume={34},
  number={4},
  pages={487--511},
  year={2008},
  publisher={MIT Press}
}

@inproceedings{Lemon2006,
  title={Evaluating effectiveness and portability of reinforcement learned dialogue strategies with real users: the TALK TownInfo evaluation},
  author={Lemon, Oliver and Georgila, Kallirroi and Henderson, James},
  booktitle={Spoken Language Technology Workshop, 2006. IEEE},
  pages={178--181},
  year={2006},
  organization={IEEE}
}


@inproceedings{Williams2008b,
  title={The best of both worlds: unifying conventional dialog systems and POMDPs.},
  author={Williams, Jason D},
  booktitle={INTERSPEECH},
  pages={1173--1176},
  year={2008}
}


@article{Lee2009b,
  title={Hybrid approach to robust dialog management using agenda and dialog examples},
  author={Lee, Cheongjae and Jung, Sangkeun and Kim, Kyungduk and Lee, Gary Geunbae},
  journal={Computer speech \& language},
  volume={24},
  number={4},
  pages={609--631},
  year={2010},
  publisher={Elsevier}
}

@article{Lison2015,
  title={A hybrid approach to dialogue management based on probabilistic rules},
  author={Lison, Pierre},
  journal={Computer Speech \& Language},
  volume={34},
  number={1},
  pages={232--255},
  year={2015},
  publisher={Elsevier}
}

@techreport{Yarin2013,
  author={Yarin Gal},
  institution={University of Cambridge},
  title={Semantics, Modelling, and the Problem of Representation of Meaning -- a Brief Survey of Recent Literature},
  journal = {arXiv:1402.7265},
  year={2013}
}

@InProceedings{Robert2012,
  author = {Robert Speer and Catherine Havasi},
  title = {Representing General Relational Knowledge in ConceptNet 5},
  booktitle = {Proceedings of the Eight International Conference on Language Resources and Evaluation (LREC'12)},
  year = {2012},
  month = {may},
  date = {23-25},
  address = {Istanbul, Turkey},
  editor = {Nicoletta Calzolari (Conference Chair) and Khalid Choukri and Thierry Declerck and Mehmet Uğur Doğan and Bente Maegaard and Joseph Mariani and Asuncion Moreno and Jan Odijk and Stelios Piperidis},
  publisher = {European Language Resources Association (ELRA)},
  isbn = {978-2-9517408-7-7},
  language = {english}
 }

@inproceedings{Piantadosi2008,
  title={A Bayesian model of the acquisition of compositional semantics},
  author={Piantadosi, Steven and Goodman, Noah and Ellis, Benjamin A and Tenenbaum, Joshua},
  booktitle={Proceedings of the thirtieth annual conference of the cognitive science society},
  pages={1620--1625},
  year={2008}
}

@article{Liang2013,
  title={Learning dependency-based compositional semantics},
  author={Liang, Percy and Jordan, Michael I and Klein, Dan},
  journal={Computational Linguistics},
  volume={39},
  number={2},
  pages={389--446},
  year={2013},
  publisher={MIT Press}
}

@inproceedings{Titov2011,
  title={A Bayesian model for unsupervised semantic parsing},
  author={Titov, Ivan and Klementiev, Alexandre},
  booktitle={Proceedings of the 49th Annual Meeting of the Association for Computational Linguistics: Human Language Technologies-Volume 1},
  pages={1445--1455},
  year={2011},
  organization={Association for Computational Linguistics}
}

@article{Domingos2007,
  title={1 Markov Logic: A Unifying Framework for Statistical Relational Learning},
  author={Domingos, Pedro and Richardson, Matthew},
  journal={Statistical Relational Learning},
  pages={339},
  year={2007}
}

@inproceedings{Poon2009,
  title={Unsupervised semantic parsing},
  author={Poon, Hoifung and Domingos, Pedro},
  booktitle={Proceedings of the 2009 Conference on Empirical Methods in Natural Language Processing: Volume 1-Volume 1},
  pages={1--10},
  year={2009},
  organization={Association for Computational Linguistics}
}

@incollection{Giordani2010a,
  title={Semantic mapping between natural language questions and SQL queries via syntactic pairing},
  author={Giordani, Alessandra and Moschitti, Alessandro},
  booktitle={Natural language processing and information systems},
  pages={207--221},
  year={2009},
  publisher={Springer}
}

@inproceedings{Giordani2010b,
  title={Corpora for Automatically Learning to Map Natural Language Questions into SQL Queries.},
  author={Giordani, Alessandra and Moschitti, Alessandro},
  booktitle={LREC},
  year={2010}
}

@incollection{Giordani2009,
  title={Syntactic structural kernels for natural language interfaces to databases},
  author={Giordani, Alessandra and Moschitti, Alessandro},
  booktitle={Machine Learning and Knowledge Discovery in Databases},
  pages={391--406},
  year={2009},
  publisher={Springer}
}

@article{Kersting2007,
  title={1 Bayesian Logic Programming: Theory and Tool},
  author={Kersting, Kristian and De Raedt, Luc},
  journal={Statistical Relational Learning},
  pages={291},
  year={2007}
}

@article{Brocheler2012,
  title={Probabilistic similarity logic},
  author={Brocheler, Matthias and Mihalkova, Lilyana and Getoor, Lise},
  journal={arXiv preprint arXiv:1203.3469},
  year={2012}
}

@article{DaRaett2003,
  title={Probabilistic logic learning},
  author={De Raedt, Luc and Kersting, Kristian},
  journal={ACM SIGKDD Explorations Newsletter},
  volume={5},
  number={1},
  pages={31--48},
  year={2003},
  publisher={ACM}
}

@inproceedings{Baroni2010,
  title={Nouns are vectors, adjectives are matrices: Representing adjective-noun constructions in semantic space},
  author={Baroni, Marco and Zamparelli, Roberto},
  booktitle={Proceedings of the 2010 Conference on Empirical Methods in Natural Language Processing},
  pages={1183--1193},
  year={2010},
  organization={Association for Computational Linguistics}
}

@article{Grefenstette2013,
  title={Towards a formal distributional semantics: Simulating logical calculi with tensors},
  author={Grefenstette, Edward},
  journal={arXiv preprint arXiv:1304.5823},
  year={2013}
}

@book{Tan1992,
  title={A survey on statistical approaches to natural language processing},
  author={Wu, Chih-piao and Hsu, Loke Soo and Tan, Chew L},
  year={1992},
  publisher={Citeseer}
}

@inproceedings{Roger1969,
  title={A conceptual dependency parser for natural language},
  author={Schank, Roger C and Tesler, Larry},
  booktitle={Proceedings of the 1969 conference on Computational linguistics},
  pages={1--3},
  year={1969},
  organization={Association for Computational Linguistics}
}

@book{Melchuk1988,
  title={Dependency syntax: theory and practice},
  author={Melʹ{\v{c}}uk, Igorʹ Aleksandrovi{\v{c}}},
  year={1988},
  publisher={SUNY press}
}

@inproceedings{Eisner1996a,
  title={Three new probabilistic models for dependency parsing: An exploration},
  author={Eisner, Jason M},
  booktitle={Proceedings of the 16th conference on Computational linguistics-Volume 1},
  pages={340--345},
  year={1996},
  organization={Association for Computational Linguistics}
}

@article{Eisner1996b,
  title={An empirical comparison of probability models for dependency grammar},
  author={Eisner, Jason},
  journal={arXiv preprint cmp-lg/9706004},
  year={1997}
}

@inproceedings{Yamada2003,
  title={Statistical dependency analysis with support vector machines},
  author={Yamada, Hiroyasu and Matsumoto, Yuji},
  booktitle={Proceedings of IWPT},
  volume={3},
  pages={195--206},
  year={2003}
}

@article{Charniak1997,
  title={Statistical parsing with a context-free grammar and word statistics},
  author={Charniak, Eugene},
  journal={AAAI/IAAI},
  volume={2005},
  number={598-603},
  pages={18},
  year={1997}
}

@book{Pollard1994,
  title={Head-driven phrase structure grammar},
  author={Pollard, Carl and Sag, Ivan A},
  year={1994},
  publisher={University of Chicago Press}
}

@inproceedings{Thompson1981,
  title={Chart parsing and rule schemata in PSG},
  author={Thompson, Henry},
  booktitle={Proceedings of the 19th annual meeting on Association for Computational Linguistics},
  pages={167--172},
  year={1981},
  organization={Association for Computational Linguistics}
}

@inproceedings{Makino1998,
  title={LiLFeS: towards a practical HPSG parser},
  author={Takaki, Makino and Minoru, Yoshida and Kentaro, Torisawa and Jun'ichi, Tsujii},
  booktitle={Proceedings of the 17th international conference on Computational linguistics-Volume 2},
  pages={807--811},
  year={1998},
  organization={Association for Computational Linguistics}
}

@inproceedings{Charniak2006,
  title={Multilevel coarse-to-fine PCFG parsing},
  author={Charniak, Eugene and Johnson, Mark and Elsner, Micha and Austerweil, Joseph and Ellis, David and Haxton, Isaac and Hill, Catherine and Shrivaths, R and Moore, Jeremy and Pozar, Michael and others},
  booktitle={Proceedings of the main conference on Human Language Technology Conference of the North American Chapter of the Association of Computational Linguistics},
  pages={168--175},
  year={2006},
  organization={Association for Computational Linguistics}
}

@article{Wen2015,
  title={Stochastic language generation in dialogue using recurrent neural networks with convolutional sentence reranking},
  author={Wen, Tsung-Hsien and Gasic, Milica and Kim, Dongho and Mrksic, Nikola and Su, Pei-Hao and Vandyke, David and Young, Steve},
  journal={arXiv preprint arXiv:1508.01755},
  year={2015}
}

@inproceedings{Mairesse2010,
  title={Phrase-based statistical language generation using graphical models and active learning},
  author={Mairesse, Fran{\c{c}}ois and Ga{\v{s}}i{\'c}, Milica and Jur{\v{c}}{\'\i}{\v{c}}ek, Filip and Keizer, Simon and Thomson, Blaise and Yu, Kai and Young, Steve},
  booktitle={Proceedings of the 48th Annual Meeting of the Association for Computational Linguistics},
  pages={1552--1561},
  year={2010},
  organization={Association for Computational Linguistics}
}

@article{Mairesse2014,
  title={Stochastic language generation in dialogue using factored language models},
  author={Mairesse, Fran{\c{c}}ois and Young, Steve},
  journal={Computational Linguistics},
  pages={763--799},
  year={2014},
  publisher={MIT Press}
}

@inproceedings{Oh2000,
  title={Stochastic language generation for spoken dialogue systems},
  author={Oh, Alice H and Rudnicky, Alexander I},
  booktitle={Proceedings of the 2000 ANLP/NAACL Workshop on Conversational systems-Volume 3},
  pages={27--32},
  year={2000},
  organization={Association for Computational Linguistics}
}




